<record><leader>00000cas a22000007a 4500</leader><controlfield tag="001">9424633</controlfield><controlfield tag="008">830419d19821987pauwr ne      0   a0eng d</controlfield><datafield ind1=" " ind2=" " tag="010"><subfield code="a">sn 83007481 </subfield></datafield><datafield ind1=" " ind2=" " tag="040"><subfield code="a">NSD</subfield><subfield code="b">eng</subfield><subfield code="c">NSD</subfield><subfield code="d">NPH</subfield><subfield code="d">NSD</subfield><subfield code="d">OCLCQ</subfield></datafield><datafield ind1=" " ind2=" " tag="012"><subfield code="j">1</subfield><subfield code="m">d</subfield></datafield><datafield ind1="1" ind2=" " tag="022"><subfield code="a">0745-7537</subfield><subfield code="l">0745-7537</subfield><subfield code="2">1</subfield></datafield><datafield ind1=" " ind2=" " tag="037"><subfield code="b">The Bentworth Times Publishing Co., Inc., 825-A Main St., Bentleyville, PA 15314</subfield></datafield><datafield ind1=" " ind2=" " tag="042"><subfield code="a">nsdp</subfield></datafield><datafield ind1=" " ind2="4" tag="222"><subfield code="a">The Bentworth times</subfield></datafield><datafield ind1="0" ind2="4" tag="245"><subfield code="a">The Bentworth times.</subfield></datafield><datafield ind1="3" ind2="0" tag="246"><subfield code="a">Times</subfield></datafield><datafield ind1=" " ind2=" " tag="260"><subfield code="a">Bentleyville, Pa. :</subfield><subfield code="b">Bentley Pub. Co.,</subfield><subfield code="c">-1987.</subfield></datafield><datafield ind1=" " ind2=" " tag="300"><subfield code="a">v. :</subfield><subfield code="b">ill. ;</subfield><subfield code="c">43 cm.</subfield></datafield><datafield ind1=" " ind2=" " tag="310"><subfield code="a">Weekly</subfield></datafield><datafield ind1="1" ind2=" " tag="362"><subfield code="a">Began with July 13, 1982 issue?</subfield></datafield><datafield ind1="0" ind2=" " tag="362"><subfield code="a">-v. 6, no. 20 (May 12, 1987).</subfield></datafield><datafield ind1=" " ind2=" " tag="500"><subfield code="a">Publisher: Bentworth Times Pub. Co., &lt;1983&gt;.</subfield></datafield><datafield ind1=" " ind2=" " tag="588"><subfield code="a">Description based on: Vol. 1, no. 5 (Aug. 24, 1982).</subfield></datafield><datafield ind1=" " ind2=" " tag="752"><subfield code="a">United States</subfield><subfield code="b">Pennsylvania</subfield><subfield code="c">Washington</subfield><subfield code="d">Bentleyville.</subfield></datafield><datafield ind1="0" ind2="0" tag="785"><subfield code="t">Times (Bentleyville, Pa.)</subfield><subfield code="x">0745-7537</subfield><subfield code="w">(DLC)sn 87002520</subfield></datafield></record>